<record><leader>00000cas a22000007a 4500</leader><controlfield tag="001">16101504</controlfield><controlfield tag="008">870629d19721981nyuwr ne      0    0eng d</controlfield><datafield ind1=" " ind2=" " tag="010"><subfield code="a">sn 87070082 </subfield></datafield><datafield ind1=" " ind2=" " tag="040"><subfield code="a">NYS</subfield><subfield code="b">eng</subfield><subfield code="c">NYS</subfield><subfield code="d">NYG</subfield><subfield code="d">NYS</subfield><subfield code="d">OCLCQ</subfield><subfield code="d">NYG</subfield><subfield code="d">OCLCF</subfield></datafield><datafield ind1="1" ind2=" " tag="029"><subfield code="a">AU@</subfield><subfield code="b">000025794136</subfield></datafield><datafield ind1=" " ind2=" " tag="042"><subfield code="a">msc</subfield></datafield><datafield ind1="0" ind2=" " tag="130"><subfield code="a">Pine Plains register-herald (Pine Plains, N.Y. : 1972)</subfield></datafield><datafield ind1="0" ind2="4" tag="245"><subfield code="a">The Pine Plains register-herald.</subfield></datafield><datafield ind1="3" ind2="3" tag="246"><subfield code="a">Pine Plains register herald</subfield></datafield><datafield ind1="1" ind2=" " tag="246"><subfield code="i">Some issues have running title:</subfield><subfield code="a">Gazette advertiser &amp; register herald</subfield></datafield><datafield ind1="1" ind2=" " tag="246"><subfield code="i">Published as:</subfield><subfield code="a">Gazette advertiser</subfield><subfield code="f">Nov. 16, 1972-Apr. 5, 1973.</subfield></datafield><datafield ind1=" " ind2=" " tag="260"><subfield code="a">Pine Plains, N.Y. :</subfield><subfield code="b">Dymer Communications Inc.,</subfield><subfield code="c">1972-1981.</subfield></datafield><datafield ind1=" " ind2=" " tag="300"><subfield code="a">v. :</subfield><subfield code="b">ill.</subfield></datafield><datafield ind1=" " ind2=" " tag="310"><subfield code="a">Weekly</subfield></datafield><datafield ind1="0" ind2=" " tag="362"><subfield code="a">Oct. 5, 1972-Nov. 9, 1972 ; v. 128, no. 29 (Nov. 16, 1972)-v. 128, no. 49 (Apr. 5, 1973) ; Apr. 12, 1973- ; -v. 117, no. 31 (Aug. 6, 1981).</subfield></datafield><datafield ind1=" " ind2=" " tag="500"><subfield code="a">Issue for Nov. 16, 1972 also called Pine Plains ed., and issues for Nov. 23, 1972-Apr. 5, 1973 also called Pine Plains register-herald ed.</subfield></datafield><datafield ind1=" " ind2=" " tag="500"><subfield code="a">Published by: Dymer Communications, Inc., Oct. 5, 1972-Mar. 29, 1973; and by: Taconic Press, Inc., Apr. 5, 1973-Aug. 6, 1981.</subfield></datafield><datafield ind1=" " ind2=" " tag="500"><subfield code="a">Later published in Millbrook, N.Y.</subfield></datafield><datafield ind1=" " ind2="0" tag="651"><subfield code="a">Pine Plains (N.Y.)</subfield><subfield code="v">Newspapers.</subfield></datafield><datafield ind1=" " ind2="0" tag="651"><subfield code="a">Dutchess County (N.Y.)</subfield><subfield code="v">Newspapers.</subfield></datafield><datafield ind1=" " ind2="7" tag="655"><subfield code="a">Newspapers.</subfield><subfield code="2">fast</subfield><subfield code="0">(OCoLC)fst01423814</subfield></datafield><datafield ind1=" " ind2="7" tag="651"><subfield code="a">New York (State)</subfield><subfield code="z">Dutchess County.</subfield><subfield code="2">fast</subfield><subfield code="0">(OCoLC)fst01207498</subfield></datafield><datafield ind1=" " ind2="7" tag="651"><subfield code="a">New York (State)</subfield><subfield code="z">Pine Plains.</subfield><subfield code="2">fast</subfield><subfield code="0">(OCoLC)fst01253440</subfield></datafield><datafield ind1=" " ind2=" " tag="752"><subfield code="a">United States</subfield><subfield code="b">New York</subfield><subfield code="c">Dutchess</subfield><subfield code="d">Pine Plains.</subfield></datafield><datafield ind1=" " ind2=" " tag="752"><subfield code="a">United States</subfield><subfield code="b">New York</subfield><subfield code="c">Dutchess</subfield><subfield code="d">Millbrook.</subfield></datafield><datafield ind1="0" ind2=" " tag="775"><subfield code="a">Millbrook round table (Millbrook, N.Y. : 1972)</subfield><subfield code="g">1972-</subfield></datafield><datafield ind1="0" ind2="0" tag="780"><subfield code="t">Register and herald</subfield><subfield code="w">(DLC)sn 87070078</subfield><subfield code="w">(OCoLC)16101185</subfield></datafield><datafield ind1="0" ind2="0" tag="785"><subfield code="t">Register herald (Millbrook, N.Y.)</subfield><subfield code="w">(DLC)sn 84031062</subfield><subfield code="w">(OCoLC)11151367</subfield></datafield></record>